% BibTeX bibliography file


%% Rule of thumb for notes= - As long as we don't support multi-lingual bibliographies the
%%                            annotation is in German for a German text and in English otherwise.
%%                          - Text in quotation marks (Gänsefüßchen) auch jeweils passend zur Sprache:
%%                            E: Note    = "\\See also ``PolyBoRi'' ...
$$                            D: Note    = "\\Siehe auch \glqq PolyBoRi\grqq ...


% --------------------------------------------------------
% Part for crypto2020
% --------------------------------------------------------

% BE_Remark: Evtl. die NIST-Standards alle gleich als Manual oder alle als techreport behandeln.
@Manual{AES-Standard:2002,
  key = {AES},
  title = {Federal Information Processing Standards Publication 197: Advanced
  Encyption Standard},
  year = {2002},
  organization = {National Institute of Standards and Technology (NIST)},
}

@Manual{DES-Standard:1977,
  key = {DES},
  title = {Federal Information Processing Standards Publication 46: Data
  Encryption Standard},
  year = {1977},
  organization = {U.S. Department of Commerce, National Bureau of Standards,
                  National Technical Information Service, Springfield, Virginia},
}

@InProceedings{bennett/brassard:1984b,
  author = {Charles H. Bennett and Gilles Brassard},
  title = {{An Update on Quantum Cryptography}},
  booktitle = {Advances in Cryptology -- {CRYPTO} '84},
  editor = {Blakley, G.~R. and Chaum, David},
  year = {1985},
  series = {Lecture Notes in Computer Science},
  volume = {196},
  pages = {475-480},
  publisher = {Springer-Verlag},
}

@InProceedings{buchmann/coronado/dahmen/doering/klintsevich:2006,
  author = {Johannes Buchmann and Luis Carlos {Coronado Garc\'{i}a} and Erik
  Dahmen and Martin D\"{o}ring and Elena Klintsevich},
  title = {{CMSS} -- An Improved {M}erkle Signature Scheme},
  booktitle = {7th International Conference on Cryptology in India -
  Indocrypt'06},
  editor = {Rana Barua and Tanja Lange},
  year = {2006},
  series = {Lecture Notes in Computer Science},
  number = {4392},
  pages = {349--363},
  publisher = {Springer-Verlag},
}

@PhdThesis{maseberg-thesis:2002,
  author = {Jan S{\"o}nke Maseberg},
  title = {Fail-Safe-Konzept f{\"u}r Public-Key-Infrastrukturen},
  year = {2002},
  school = {TU Darmstadt},
}

@Article{mceliece:1978,
  author = {Robert J. McEliece},
  title = {A public key cryptosystem based on algebraic coding theory},
  journal = {DSN progress report},
  year = {1978},
  volume = {42--44},
  pages = {114--116},
  publisher = {Jet Propulsion Laboratory, Pasadena, CA},
}

@PhdThesis{merkle-thesis:1979,
  author = {Ralph C. Merkle},
  title = {Secrecy, authentication, and public key systems},
  year = {1979},
  school = {Department of Electrical Engineering, Stanford University},
}

@Article{rivest/shamir/adleman:1978,
  author = {Ron L. Rivest and Adi Shamir and Leonard Adleman},
  title = {{A Method for Obtaining Digital Signatures and Public-Key Cryptosystems}},
  journal = {Communications of the ACM},
  year = {1978},
  month = {4},
  volume = {21},
  number = {2},
  pages = {120--126},
}



@Article{shor:1997,
  author = {Peter W. Shor},
  title = {Polynomial time algorithms for prime factorization and discrete
  logarithms on a quantum computer},
  journal = {{SIAM} Journal on Computing},
  year = {1997},
  volume = {26},
  number = {5},
  pages = {1484--1509},
}



% --------------------------------------------------------
% Part for dlog-factoringdead (old name when separated: bib-dfd.bib)
% --------------------------------------------------------

% This file was created with JabRef 2.5.
% Encoding: Cp1252

@book{Joux2009,
  author    = {Antoine Joux},
  title     = {{Algorithmic Cryptanalysis}},
  year      = {2009},
  isbn      = {1420070029},
  series    = {CRC Cryptography and Network Security Series},
  publisher = {Chapman \& Hall},
}


% howpublished "\url{http://www.cits.ruhr-uni-bochum.de/imperia/md/content/may/12/ws1213/kryptanal12/kryptanalyse_2013.pdf}",
@misc{May2012b,
  author    = {Alexander May},
  title     = {{Vorlesungsskript Kryptanalyse 2}},
  year      = {2012},
  Note      = "Ruhr-University Bochum.\\ \url{http://www.cits.ruhr-uni-bochum.de/imperia/md/content/may/12/ws1213/kryptanal12/kryptanalyse_2013.pdf}",
}

% howpublished "\url{http://www.cits.ruhr-uni-bochum.de/imperia/md/content/may/pkk08/skript.pdf}",
@misc{May2012a,
  author    = {Alexander May},
  title     = {{Vorlesungsskript Kryptanalyse 1}},
  year      = {2008},
  Note      = "Ruhr-University Bochum.\\ \url{http://www.cits.ruhr-uni-bochum.de/imperia/md/content/may/pkk08/skript.pdf}",
}

% howpublished "\url{http://www.cits.ruhr-uni-bochum.de/imperia/md/content/may/13/ss13/zahlenss13/zahlentheorie.pdf}",
@misc{May2013,
  author    = {Alexander May},
  title     = {{Vorlesungsskript Zahlentheorie}},
  year      = {2013},
  Note      = "Ruhr-University Bochum.\\ \url{http://www.cits.ruhr-uni-bochum.de/imperia/md/content/may/13/ss13/zahlenss13/zahlentheorie.pdf}",
}


% howpublished "\url{https://www.bsi.bund.de/DE/Publikationen/TechnischeRichtlinien/tr02102/index_htm}",
@misc{BSI2012,
  author    = {{BSI (Bundesamt für Sicherheit in der Informationstechnik)}},
  title     = {{BSI TR-02102 Kryptographische Verfahren: Empfehlungen und Schlüssellängen}},
  year      = {2012},
  publisher = {BSI},
  Note    = "\\ \url{https://www.bsi.bund.de/DE/Publikationen/TechnischeRichtlinien/tr02102/index_htm}",
}


% url = {https://www.bsi.bund.de/DE/Themen/DigitaleGesellschaft/ElektronischeSignatur/TechnischeRealisierung/Kryptoalgorithmen/kryptoalg.html},
% comment = {BNetzA (Bundesnetzagentur): Jährlich erscheinende Veröffentlichung zu Algorithmen und Parametern im Umfeld elektronischer Signaturen},
%  A statement on these recommendations:\\
@techreport{BSI2016,
  institution = {BSI (Bundesamt für Sicherheit in der Informationstechnik)},
  title     = {{Angaben des BSI für die Algorithmenkataloge der Vorjahre, Empfehlungen zur Wahl der Schlüssellängen}},
  year      = {2016},
  Note    = "\\ \url{https://www.bsi.bund.de/DE/Themen/DigitaleGesellschaft/ElektronischeSignatur/TechnischeRealisierung/Kryptoalgorithmen/kryptoalg.html}
             \\ - Vgl.: BNetzA (Bundesnetzagentur): Jährlich erscheinende Veröffentlichung zu Algorithmen und Parametern im Umfeld elektronischer Signaturen:
             \\ \url{http://www.bundesnetzagentur.de/cln_1411/DE/Service-Funktionen/ElektronischeVertrauensdienste/QES/WelcheAufgabenhatdieBundesnetzagentur/GeeigneteAlgorithmenfestlegen/geeignetealgorithmenfestlegen_node.html}
             \\ - Vgl.: Eine Stellungnahme zu diesen Empfehlungen:
             \\ \url{http://www.secorvo.de/publikationen/stellungnahme-algorithmenempfehlung-020307.pdf}",
}




@Comment{
// %%16xxxTODO_JOUX: Old url doesn't exist any more. Is the new one correct?
// %% The old url was the following:
// %  howpublished = "\url{http://www.ssi.gouv.fr/fr/reglementation-ssi/referentiel-general-de-securite/}",
// %% neu: howpublished = "\url{http://www.ssi.gouv.fr/administration/reglementation/}",
}
@misc{refanssi2013,
  author    = {{Agence nationale de la s\'ecurit\'e des syst\`emes d'information}},
  title     = {{R\'ef\'erentiel g\'en\'eral de s\'ecurit\'e Version 2.02}},
  year      = {2013},
  publisher = {ANSSI},
  Note    = "\\ \url{http://www.ssi.gouv.fr/administration/reglementation/}",  
}
@Comment{
// % Also see: https://fr.wikipedia.org/wiki/R%C3%A9f%C3%A9rentiel_g%C3%A9n%C3%A9ral_de_s%C3%A9curit%C3%A9
// %           http://www.ssi.gouv.fr/entreprise/reglementation/administration-electronique/le-referentiel-general-de-securite-rgs/
}



% howpublished  "\url{http://www.math.uni-frankfurt.de/~dmst/teaching/lecture_notes/bloemer.algorithmische_zahlentheorie.ps.gz}",
@misc{Bloemer1999,
  author    = {J. Blömer},
  title     = {{Vorlesungsskript Algorithmische Zahlentheorie}},
  year      = {1999},
  Note      = "Ruhr-University Bochum.\\ \url{http://www.math.uni-frankfurt.de/~dmst/teaching/lecture_notes/bloemer.algorithmische_zahlentheorie.ps.gz}",
}


% howpublished  "\url{http://www.rfc-base.org/txt/rfc-5639.txt}",
@misc{LM2010,
  author    = {Manfred Lochter and Johannes Merkle},
  title     = {{Elliptic Curve Cryptography (ECC) Brainpool Standard
                Curves and Curve Generation}},
  year      = {2010},
  Note      = "RFC 5639.\\ \url{http://www.rfc-base.org/txt/rfc-5639.txt}",
}

% howpublished  "\url{http://tools.ietf.org/search/rfc7027}",
@misc{LM2013,
  author    = {Manfred Lochter and Johannes Merkle},
  title     = {{Elliptic Curve Cryptography (ECC) Brainpool Curves
                for Transport Layer Security (TLS)}},
  year      = {2013},
  Note      = "RFC 7027.\\ \url{http://tools.ietf.org/search/rfc7027}",
}


% howpublished  "\url{www.ecc-brainpool.org/download/Domain-parameters.pdf}",
@misc{LM2005,
  author    = {Manfred Lochter and Johannes Merkle},
  title     = {{ECC Brainpool Standard Curves and Curve Generationv. 1.0}},
  year      = {2005},
  Note      = "\\ \url{www.ecc-brainpool.org/download/Domain-parameters.pdf}",
}


% howpublished  "\url{https://www.microsoft.com/en-us/research/wp-content/uploads/2016/02/selecting.pdf}",
@misc{BCLN2014,
  author    = {Joppe W. Bos and Craig Costello and Patrick Longa and Michael Naehrig},
  title     = {{Selecting Elliptic Curves for Cryptography: An Efficiency and Security Analysis}},
  year      = {2014},
  Note    = "Microsoft Research.
	     \\ \url{https://www.microsoft.com/en-us/research/wp-content/uploads/2016/02/selecting.pdf}",
}


% Not referenced.
% howpublished  "\url{https://www.microsoft.com/en-us/research/wp-content/uploads/2016/02/NIST.pdf}",
% note      = {Microsoft Research},
@misc{CLN2015,
  author    = {Craig Costello and Patrick Longa and Michael Naehrig},
  title     = {{A brief discussion on selecting new elliptic curves}},
  year      = {2015},
  Note    = "Microsoft Research.
	     \\ \url{https://www.microsoft.com/en-us/research/wp-content/uploads/2016/02/NIST.pdf}",
}


@article{Satoh-Araki1998,
  author    = {Satoh, T.   and  Araki, K.},
  title     = {{Fermat Quotients and the
              Polynomial Time Discrete Log Algorithm for Anomalous
              Elliptic Curves}},
  year      = {1998},
  journal   = {Commentarii Mathematici Universitatis Sancti Pauli 47},
}


@article{Semaev1998,
  author    = {Semaev, I.},
  title     = {{Evaluation of Discrete Logarithms on Some
              Elliptic Curves}},
  year      = {1998},
  journal   = {Mathematics of Computation 67},
}


@article{Smart1999,
  author    = {N. Smart},
  title     = {{The Discrete Logarithm Problem on Elliptic
              Curves of Trace One}},
  year      = {1999},
  journal   = {Journal of Cryptology 12},
}


@misc{BernsteinLange2014,
  author    = {Bernstein, Daniel  and  Lange, Tanja},
  title     = {{SafeCurves: choosing safe curves for elliptic-curve cryptography}},
  year = {2014},
  howpublished = "\url{http://safecurves.cr.yp.to/}",
}


@book{Homeister2007,
  author    = {Matthias Homeister},
  title     = {Quantum Computer Science: An Introduction},
  year      = {2007},
  isbn      = {9780521876582},
  publisher = {Vieweg+Teubner Verlag},
}

@book{Mermin2008,
  author    = {David N. Mermin},
  title     = {{Quantum Computing verstehen}},
  year      = {2008},
  isbn      = {3834804363},
  publisher = {Cambridge University Press},
}

@book{MSP2011,
  author    = {Müller-Stach and Piontkowski},
  title     = {{Elementare und Algebraische Zahlentheorie}},
  year      = {2011},
  isbn      = {3834882631},
  publisher = {Vieweg Studium},
}

%% edition = {5th printing},
% url = {http://cacr.uwaterloo.ca/hac/, http://www.cacr.math.uwaterloo.ca/hac/},
% comment = {(Errata last update Jan 22, 2014)},
@book{Menezes2001,
  author    = {Alfred J. Menezes and Paul C. van Oorschot and Scott A. Vanstone},
  edition   = {5},
  publisher = {CRC Press},
  title     = {{Handbook of Applied Cryptography}},
  isbn      = {0-8493-8523-7},
  series    = {Series on Discrete Mathematics and Its Application},
  year      = {2001},
  Note      = "(Errata last update Jan 22, 2014).
	       \\ \url{http://cacr.uwaterloo.ca/hac/},
	       \\ \url{http://www.cacr.math.uwaterloo.ca/hac/}",
}

@book{Galbraith2012,
  author    = {Steven D. Galbraith},
  title     = {{Mathematics of Public Key Cryptography}},
  year      = {2012},
  isbn      = {9781107013926},
  publisher = {Cambridge University Press},
}

@article{Pollard1975,
  author    = {John M. Pollard},
  title     = {{A Monte Carlo method for factorization}},
  journal   = {BIT Numerical Mathematics 15},
  volume    = {3},
  year      = {1975},
  pages     = {331--334},
}

@article{Pollard2000,
  author    = {John M. Pollard},
  title     = {{Kangaroos, Monopoly and Discrete Logarithms}},
  journal   = {J. Cryptology},
  volume    = {13},
  number    = {4},
  year      = {2000},
  pages     = {437-447},
  ee        = {http://dx.doi.org/10.1007/s001450010010},
  bibsource = {DBLP, http://dblp.uni-trier.de},
}


@Comment{
// %%16xxxTODO_JOUX: In the meantime it's published. Is citation ok?
// %%  journal   = {currently in submission},
// %%  year      = {2013}
// % Advances in Cryptology - 20th International Conference on the Theory and Application
// % of Cryptology and Information Security, Dec 2014, Kaoshiung, Taiwan. Springer, LNCS 8873, pp.20,
// % ASIACRYPT 2014.
}
@article{multiple2014,
  author    = {Pierre-Alain Fouque and Antoine Joux and Chrysanthi Mavromati},
  title     = {{Multi-user collisions: Applications to Discrete Logarithm, Even-Mansour and Prince}},
  year      = {2014},
  series    = {Advances in Cryptology},
  publisher = {Springer Verlag},
}


@inproceedings{Shor1994,
  author    = {Peter W. Shor},
  title     = {{Algorithms for Quantum Computation: Discrete Logarithms
               and Factoring}},
  booktitle = {{FOCS}},
  year      = {1994},
  pages     = {124-134},
  ee        = {http://doi.ieeecomputersociety.org/10.1109/SFCS.1994.365700},
  bibsource = {DBLP, http://dblp.uni-trier.de},
}


@Comment{
// Alternative link:
// https://www.computer.org/csdl/proceedings/focs/1979/5428/00/542800055-abs.html
}
@inproceedings{Adleman1979,
  author    = {Leonard M. Adleman},
  title     = {{A Subexponential Algorithm for the Discrete Logarithm Problem
               with Applications to Cryptography (Abstract)}},
  booktitle = {FOCS},
  year      = {1979},
  pages     = {55-60},
  ee        = {http://doi.ieeecomputersociety.org/10.1109/SFCS.1979.2},
  bibsource = {DBLP, http://dblp.uni-trier.de},
}

%%  title     = {{Evaluating Logarithms in GF(2\verb|^|n)}},
%%  title     = {{Evaluating Logarithms in $GF(2\verb|^|n)$}},
@inproceedings{Coppersmith1984,
  author    = {Don Coppersmith},
  title     = {{Evaluating Logarithms in $GF(2^n)$}},
  booktitle = {STOC},
  year      = {1984},
  pages     = {201-207},
  ee        = {http://doi.acm.org/10.1145/800057.808682},
  bibsource = {DBLP, http://dblp.uni-trier.de},
}

@article{CoppersmithOS1986,
  author    = {Don Coppersmith and
               Andrew M. Odlyzko and
               Richard Schroeppel},
  title     = {{Discrete Logarithms in GF(p)}},
  journal   = {Algorithmica},
  volume    = {1},
  number    = {1},
  year      = {1986},
  pages     = {1-15},
  ee        = {http://dx.doi.org/10.1007/BF01840433},
  bibsource = {DBLP, http://dblp.uni-trier.de},
}


% url = {http://csrc.nist.gov/archive/aes/},
% comment = {AES Discussion Groups},
@article{Coppersmith2002,
  author    = {Don Coppersmith},
  title     = {{Re: Impact of Courtois and Pieprzyk results}},
  year      = {2002},
  Note      = "\\ \url{http://csrc.nist.gov/archive/aes/} ~~AES Discussion Groups",
}


@inproceedings{Pomerance1984,
  author    = {Carl Pomerance},
  title     = {{The Quadratic Sieve Factoring Algorithm}},
  booktitle = {Proceedings of Crypto '84, LNCS 196},
  editor    = {G.R. Blakley and D. Chaum},
  publisher = {Springer},
  year      = {1984},
  pages     = {169-182},
  ee        = {http://dx.doi.org/10.1007/3-540-39757-4_17},
  bibsource = {DBLP, http://dblp.uni-trier.de},
}

@ARTICLE{Pomerance1996,
    author  = {Carl Pomerance},
    title   = {A tale of two sieves},
    journal = {Notices Amer. Math. Soc},
    year    = {1996},
    volume  = {43},
    pages   = {1473--1485},
}

@book{NFS1993,
  author    = {Lenstra, A. K. and Lenstra, H. W. Jr.},
  title     = {{The Development of the Number Field Sieve}},
  year      = {1993},
  isbn      = {0387570136},
  series    = {Lecture Notes in Mathematics},
  publisher = {Springer Verlag},
}

@inproceedings{keys2012,
  author    = {Arjen K. Lenstra and
               James P. Hughes and
               Maxime Augier and
               Joppe W. Bos and
               Thorsten Kleinjung and
               Christophe Wachter},
  title     = {{Public Keys}},
  booktitle = {CRYPTO},
  year      = {2012},
  pages     = {626-642},
  ee        = {http://dx.doi.org/10.1007/978-3-642-32009-5_37},
  bibsource = {DBLP, http://dblp.uni-trier.de},
}

@inproceedings{factor768_2010,
  author    = {Kleinjung, Thorsten and
               Aoki, Kazumaro and
               Franke, Jens  and
               Lenstra, Arjen K.  and
               Thom{\'e}, Emmanuel and
               Bos, Joppe W.  and
               Gaudry, Pierrick and
               Kruppa, Alexander  and
               Montgomery, Peter L. and
               Osvik, Dag Arne and
               te Riele, Herman J. J.  and
               Timofeev, Andrey  and
               Zimmermann, Paul},
  title     = {{Factorization of a 768-Bit RSA Modulus}},
  booktitle = {CRYPTO},
  year      = {2010},
  pages     = {333-350},
  ee        = {http://dx.doi.org/10.1007/978-3-642-14623-7_18},
  bibsource = {DBLP, http://dblp.uni-trier.de},
}


@techreport{Kleinjung2010,
  author  = {Kleinjung,Thorsten et al.},
  title   = {{Factorization of a 768-bit RSA modulus, version 1.4}},
  year    = {2010},
  url     = {http://eprint.iacr.org/2010/006.pdf},
}



% url = {http://www.keylength.com/en/2/},
@inproceedings{LeVe2000,
  author    = {Arjen K. Lenstra and Eric R. Verheul},
  booktitle = {Lecture Notes in Computer Science 558},
  pages     = {446-465},
  title     = {{Selecting Cryptographic Key Sizes}},
  year      = {2000},
  Note      = "PKC2000.\\
	       See also ``BlueKrypt Cryptographic Key Length Recommendation'',
               last update 2015, online: \url{http://www.keylength.com/en/2/}",
}

% url = {{http://www.cs.ru.nl/E.Verheul/papers/Joc2001/joc2001.pdf}, {http://citeseerx.ist.psu.edu/viewdoc/download?doi=10.1.1.20.69&rep=rep1&type=pdf}},
@article{LeVe2001,
  author = {Arjen K. Lenstra and Eric R. Verheul},
  journal = {Journal of Cryptology},
  pages  = {255-293},
  title  = {{Selecting Cryptographic Key Sizes (1999 + 2001)}},
  volume = {14},
  year   = {2001},
  Note   = "\\ \url{http://www.cs.ru.nl/E.Verheul/papers/Joc2001/joc2001.pdf},
            \\ \url{http://citeseerx.ist.psu.edu/viewdoc/download?doi=10.1.1.20.69&rep=rep1&type=pdf}",
}


@article{Lenstra1987,
author = {H. W. Lenstra},
journal = {Annals of Mathematics},
pages = {649-673},
title = {{Factoring Integers with Elliptic Curves}},
volume = {126},
year = {1987},
}


@book{Lenstra1993,
author = {A. Lenstra and H. Lenstra},
series = {Lecture Notes in Mathematics 1554},
title = {{The development of the Number Field Sieve}},
publisher = {Springer},
year = {1993},
}


% url = {http://tau.ac.il/~tromer/papers/meshc.pdf},
@techreport{Lenstra2002,
  author    = {Arjen K. Lenstra and Adi Shamir and Jim Tomlinson and Eran Tromer},
  title     = {{Analysis of Bernstein's Factorization Circuit}},
  Note      = "\\ \url{http://tau.ac.il/~tromer/papers/meshc.pdf}",
}


% url = {http://eprint.iacr.org/2012/064.pdf},
@article{Lenstra2012,
  author    = {Arjen K. Lenstra and James P. Hughes and Maxime Augier and
               Joppe W. Bos and Thorsten Kleinjung and Christophe Wachter},
  month     = {2},
  title     = {{Ron was wrong, Whit is right, A Sanity Check of Public Keys Collected on the Web}},
  year      = {2012},
  Note      = "\\ \url{http://eprint.iacr.org/2012/064.pdf}",
}



@inproceedings{JL2006,
  author    = {Antoine Joux and Reynald Lercier},
  title     = {{The Function Field Sieve in the Medium Prime Case}},
  booktitle = {EUROCRYPT},
  year      = {2006},
  pages     = {254-270},
  ee        = {http://dx.doi.org/10.1007/11761679_16},
  bibsource = {DBLP, http://dblp.uni-trier.de},
}

@article{JV2011,
  author    = {Antoine Joux and Vanessa Vitse},
  title     = {{Cover and Decomposition Index Calculus on Elliptic Curves
               made practical. Application to a seemingly secure curve
               over $F_{p^6}$}},
  journal   = {IACR Cryptology ePrint Archive},
  volume    = {2011},
  year      = {2011},
  pages     = {20},
  ee        = {http://eprint.iacr.org/2011/020},
  bibsource = {DBLP, http://dblp.uni-trier.de},
}

@article{EGT2011,
  author    = {Andreas Enge and Pierrick Gaudry and Emmanuel Thom{\'e}},
  title     = {{An {\it L}(1/3) Discrete Logarithm Algorithm for Low Degree
               Curves}},
  journal   = {J. Cryptology},
  volume    = {24},
  number    = {1},
  year      = {2011},
  pages     = {24-41},
  ee        = {http://dx.doi.org/10.1007/s00145-010-9057-y},
  bibsource = {DBLP, http://dblp.uni-trier.de},
}

@inproceedings{Pin2013,
  author    = {Antoine Joux},
  title     = {{Faster Index Calculus for the Medium Prime Case Application
               to 1175-bit and 1425-bit Finite Fields}},
  booktitle = {EUROCRYPT},
  year      = {2013},
  pages     = {177-193},
  ee        = {http://dx.doi.org/10.1007/978-3-642-38348-9_11},
  bibsource = {DBLP, http://dblp.uni-trier.de},
}

@article{BGJT2013,
  author    = {Razvan Barbulescu and Pierrick Gaudry and
               Antoine Joux and Emmanuel Thom{\'e}},
  title     = {{A quasi-polynomial algorithm for discrete logarithm in finite
               fields of small characteristic}},
  journal   = {CoRR},
  volume    = {abs/1306.4244},
  year      = {2013},
  ee        = {http://arxiv.org/abs/1306.4244},
  bibsource = {DBLP, http://dblp.uni-trier.de},
}

@article{Joux2013,
  author    = {Antoine Joux},
  title     = {{A new index calculus algorithm with complexity L(1/4+o(1))
               in very small characteristic}},
  journal   = {IACR Cryptology ePrint Archive},
  volume    = {2013},
  year      = {2013},
  pages     = {95},
  ee        = {http://eprint.iacr.org/2013/095},
  bibsource = {DBLP, http://dblp.uni-trier.de},
}

@article{Blackhat2013,
  author    = {Thomas Ptacek and Tom Ritter and Javed Samuel and Alex Stamos},
  title     = {{The Factoring Dead -- Preparing for the Cryptopocalypse}},
  journal   = {Black Hat Conference},
  year      = {2013},
  ee        = {https://media.blackhat.com/us-13/us-13-Stamos-The-Factoring-Dead.pdf},
}

@inproceedings{Shoup1997,
  author    = {Victor Shoup},
  title     = {{Lower Bounds for Discrete Logarithms and Related Problems}},
  booktitle = {EUROCRYPT},
  year      = {1997},
  pages     = {256-266},
  ee        = {http://dx.doi.org/10.1007/3-540-69053-0_18},
  bibsource = {DBLP, http://dblp.uni-trier.de},
}



@book{SilvermanTate1992,
  author    = {J. Silverman and J. Tate},
  publisher = {Springer},
  title     = {{Rational Points on Elliptic Curves}},
  year      = {1992},
}


@ARTICLE{Silverman1999,
  author  = {Joseph H. Silverman},
  title   = {{The Xedni Calculus And The Elliptic Curve Discrete Logarithm Problem}},
  journal = {Designs, Codes and Cryptography},
  year    = {1999},
  volume  = {20},
  pages   = {5--40},
}


@book{Silverman2009,
  author    = {Joe Silverman},
  title     = {{The Arithmetic of Elliptic Curves}},
  edition   = {2},
  year      = {2009},
  isbn      = {978-0-387-09493-9},
  series    = {Graduate Texts in Mathematics 106},
  publisher = {Springer},
}



@book{Washington2008,
  author    = {Lawrence C. Washington},
  title     = {{Elliptic Curves: Number Theory and Cryptography}},
  year      = {2008},
  isbn      = {9781420071467},
  series    = {Discrete Mathematics and its Applications},
  publisher = {Chapman and Hall/CRC},
}

@article{GHS2002,
  author    = {Pierrick Gaudry and Florian Hess and Nigel P. Smart},
  title     = {{Constructive and Destructive Facets of Weil Descent on Elliptic
               Curves}},
  journal   = {J. Cryptology},
  volume    = {15},
  number    = {1},
  year      = {2002},
  pages     = {19-46},
  ee        = {http://dx.doi.org/10.1007/s00145-001-0011-x},
  bibsource = {DBLP, http://dblp.uni-trier.de},
}

@inproceedings{GGMZ2013,
  author    = {Faruk G{\"o}loglu and Robert Granger and
               Gary McGuire and Jens Zumbr{\"a}gel},
  title     = {{On the Function Field Sieve and the Impact of Higher Splitting
                Probabilities - Application to Discrete Logarithms}},
  booktitle = {CRYPTO (2)},
  year      = {2013},
  pages     = {109-128},
  ee        = {http://dx.doi.org/10.1007/978-3-642-40084-1_7},
  bibsource = {DBLP, http://dblp.uni-trier.de},
}

@article{Gaudry2009,
  author    = {Pierrick Gaudry},
  title     = {{Index calculus for abelian varieties of small dimension
                and the elliptic curve discrete logarithm problem}},
  journal   = {J. Symb. Comput.},
  volume    = {44},
  number    = {12},
  year      = {2009},
  pages     = {1690-1702},
  ee        = {http://dx.doi.org/10.1016/j.jsc.2008.08.005},
  bibsource = {DBLP, http://dblp.uni-trier.de},
}

@article{Semaev2004,
  author    = {Igor Semaev},
  title     = {{Summation polynomials and the discrete logarithm problem
                on elliptic curves}},
  journal   = {IACR Cryptology ePrint Archive},
  volume    = {2004},
  year      = {2004},
  pages     = {31},
  ee        = {http://eprint.iacr.org/2004/031},
  bibsource = {DBLP, http://dblp.uni-trier.de},
}


@Comment{
// %% Concerning "Month =" :
// %% - With bibtex: The 3-word version "Jun", "Aug" was recommend. Works fine for one language.
// %% - With bibtex and babelbix: Using numbers is better --> will be expanded to März or March.
// %%
// %% Concerning URLs:
// %% 1) Using bibtext, but no babelbib:
// %%    a) With "(at)techreport{Bach,":
// %%       - neither url nor howpublished is printed in the bibliography.
// %%    b) With "(at)misc{Bach,":
// %%       - at least the URL in howpublished is printed in the bibliography.
// %% 2) With bibtex  AND  babelbix:
// %%    a) Still using (at)misc:
// %%       - both url and howpublished are printed in the bibliography.
// %%       - howpublished was printed after title and before date.
// %%    --> So continued to use only url and have this at the end.
// %%    b) Another advantage is (checked with using (at)book):
// %%       The order of note, comment and url in Schm07 was printed in the order written here!
// %%    --> After using babelbib switched back to techreport!
// %% 3) Advantage of techreport instaed of misc: bibtex writes its a techreport.
// %% 4) Now there is also a good way to deal with more than one URL (using note= instead of url=).
// %%    - Things which didn't work:
// %%       - Two different url = statements: Only the first URL is printed.
// %%       - One url = statement and the URLs in double brackets: = {{...},{...}},
// %%         both are printed with ONE link containing both URLS (which browsers don't handle).
// %%    - Workaround: 1 in url=  and  1 in howpublished=  and  multiple in note= :
// %%      Vorher war: 
// %%        URL     = {http://www.eecs.berkeley.edu/Pubs/TechRpts/1984/5973.html},
// %%        howpublished = "\url{http://www.eecs.berkeley.edu/Pubs/TechRpts/1984/CSD-84-186.pdf}",
// %%      Neue Alternative mit extra Plus: Kann es formatieren, so dass die URLs in neuer Zeile bg.:
// %%      Note = "PDF: \url{http://gfs.sf.net/gerris.pdf}"
// %%      Note="\url{http://citeseer.ist.psu.edu/562256.html} and \url{http://gfs.sf.net/gerris.pdf}",
// %% 
}
@techreport{Bach1984,
    Author  = {Bach, Eric},
    Title   = {{Discrete Logarithms and Factoring}},
    Institution = {EECS Department, University of California, Berkeley},
    Year    = {1984},
    Month   = {6},
    Number  = {UCB/CSD-84-186},
    Note    = "\\ \url{http://www.eecs.berkeley.edu/Pubs/TechRpts/1984/5973.html},
               \\ \url{http://www.eecs.berkeley.edu/Pubs/TechRpts/1984/CSD-84-186.pdf}",
}

@inproceedings{YY1996,
  author    = {Adam L. Young and Moti Yung},
  title     = {{The Dark Side of Black-Box Cryptography, or: Should We
                Trust Capstone?}},
  booktitle = {CRYPTO},
  year      = {1996},
  pages     = {89-103},
  ee        = {http://dx.doi.org/10.1007/3-540-68697-5_8},
  bibsource = {DBLP, http://dblp.uni-trier.de},
}

@inproceedings{YY1997,
  author    = {Adam L. Young and Moti Yung},
  title     = {{Kleptography: Using Cryptography against Cryptography}},
  booktitle = {EUROCRYPT},
  year      = {1997},
  pages     = {62-74},
  ee        = {http://dx.doi.org/10.1007/3-540-69053-0_6},
  bibsource = {DBLP, http://dblp.uni-trier.de},
}


% - Wenn mit bibtex, aber ohne babelbib, dann wird bei InProceedings{Heninger2012,
%   weder per url noch per howpublished die URL ausgegeben.
% - Mit bibtex, ohne babelbib und bei misc, dann wird die URL gedruckt, aber booktitle geht verloren!
% - Mit bibtex und babelbib tut auch InProceedings wie gewünscht.
% url = {https://factorable.net/paper.html},
% howpublished "\url{https://factorable.net/paper.html}",
% misc{Heninger2012,
@InProceedings{Heninger2012,
  author    = {Nadia Heninger and Zakir Durumeric and Eric Wustrow and J. Alex Halderman},
  title     = {{Mining Your Ps and {Q}s: Detection of Widespread Weak Keys in Network Devices}},
  booktitle = {Proceedings of the 21st {USENIX} Security Symposium},
  month     = {8},
  year      = {2012},
  Note      = "\\ \url{https://factorable.net/paper.html}",
}


@Comment{
// 
// All links have been confirmed at ...
// 
}




% --------------------------------------------------------
% Part for bitciphers
%          cryptomethods
%          digitalsignatures
%          ellipticcurves
%          homomorphicencryption
%          moderncryptography
%          movies
%          numbertheory
%          paper_and_pencils
%          primes
% ---------------------------

@book{Bard2009,
address = {Dordrecht},
author = {Gregory V. Bard},
publisher = {Springer},
title = {{Algebraic Cryptanalysis}},
year = {2009},
}


%% See also ``PolyBoRi -- Polynomials over Boolean Rings'', online:\\
%% Siehe auch \glqq PolyBoRi -- Polynomials over Boolean Rings\grqq, online:\\
%%  url = {http://polybori.sourceforge.net/},
@phdthesis{Bric2010,
  author  = {Michael Brickenstein},
  publisher = {Logos Verlag},
  title   = {{Boolean Gröbner Bases -- Theory, Algorithms and Applications}},
  year    = {2010},
  Note    = "\\See also ``PolyBoRi -- Polynomials over Boolean Rings'', online:
             \\ \url{http://polybori.sourceforge.net/}",
}

@article{CGHM2003,
author = {D. Castro and M. Giusti and J. Heintz and G. Matera and L. M. Pardo},
journal = {Found. Comput. Math.},
pages = {347-420},
title = {{The hardness of polynomial equation solving}},
volume = {3},
year = {2003},
}

@book{CLOS2007,
author = {David Cox and John Little and Donal O'Shea},
edition = {3},
publisher = {Springer},
title = {{Ideals, Varieties, and Algorithms}},
year = {2007},
}

@book{CrHa2010,
editor = {Yves Crama and Peter L. Hammer},
publisher = {Cambridge University Press},
title = {{Boolean Models and Methods in Mathematics, Computer Science, and Engineering}},
year = {2010},
}

@book{CuSt2009,
author = {Thomas W. Cusick and Pantelimon St\u{a}nic\u{a}},
publisher = {Elsevier Academic Press},
title = {{Cryptographic Boolean Functions and Applications}},
year = {2009},
}

@book{DaRi2002,
author = {Joan Daemen and Vincent Rijmen},
publisher = {Springer},
title = {{The Design of Rijndael. AES -- The Advanced Encryption Standard}},
year = {2002},
}

@book{GaJo1979,
author = {Michael R. Garey and David S. Johnson},
publisher = {Freeman},
title = {{Computers and Intractability}},
year = {1979},
}

@book{GaGe1999,
author = {Joachim von zur Gathen and Jürgen Gerhard},
publisher = {Cambridge University Press},
title = {{Modern Computer Algebra}},
year = {1999},
}

@book{Golo1982,
author = {Solomon W. Golomb},
publisher = {Aegean Park Press},
title = {{Shift Register Sequences}},
year = {1982},
note = {Revised Edition},
comment = {Kommentar},
}

@inproceedings{Laza1983,
author = {Daniel Lazard},
booktitle = {Lecture Notes in Computer Science 162},
pages = {146-156},
publisher = {Springer},
title = {{Gröbner bases, Gaussian elimination and resolution of systems of algebraic equations}},
year = {1983},
note = {EUROCAL '83},
}

@article{MeSt1989,
author = {W. Meier and O. Staffelbach},
journal = {Journal of Cryptology},
pages = {159-176},
title = {{Fast correlation attacks on certain stream ciphers}},
volume = {1},
year = {1989},
}

@book{PaPe2009,
author = {Christof Paar and Jan Pelzl},
publisher = {Springer},
title = {{Understanding Cryptography -- A Textbook for Students and Practioners}},
year = {2009},
}


% url = {http://www.staff.uni-mainz.de/pommeren/Kryptologie/Bitblock/A_Nonlin/nonlin.pdf},
% note = {Manuskript, 30. Mai 2000. Letzte Revision 4. Juli 2008. English equivalent: Fourier Analysis of Boolean Maps -- A Tutorial},
@techreport{Pomm2008,
  author  = {Klaus Pommerening},
  title   = {{Linearitätsmaße für Boolesche Abbildungen}},
  year    = {2008},
  Note    = "Manuskript, 30. Mai 2000. Letzte Revision 4. Juli 2008.
            \\ English equivalent:  {\em Fourier Analysis of Boolean Maps -- A Tutorial}.
            \\ \url{http://www.staff.uni-mainz.de/pommeren/Kryptologie/Bitblock/A_Nonlin/nonlin.pdf}",
}


% url = {http://www.staff.uni-mainz.de/pommeren/Cryptology/Bitblock/Fourier/Fourier.pdf},
% comment = {Manuscript: May 30, 2000. Last revision August 11, 2014. Aequivalent to the German {\em Linearitätsmaße für Boolesche Abbildungen}},
@techreport{Pomm2014,
  author  = {Klaus Pommerening},
  title   = {{Fourier Analysis of Boolean Maps -- A Tutorial}},
  year    = {2014},
  Note    = "Manuscript: May 30, 2000. Last revision August 11, 2014.
	    \\ German aequivalent: {\em Linearitätsmaße für Boolesche Abbildungen}.
            \\ \url{http://www.staff.uni-mainz.de/pommeren/Cryptology/Bitblock/Fourier/Fourier.pdf}",
}

% url = {http://www.tandfonline.com/doi/abs/10.1080/01611194.2015.1055385},
@article{Pom2016,
  author  = {Klaus Pommerening},
  journal = {Cryptologia},
  title   = {{Cryptanalysis of nonlinear shift registers}},
  volume  = {30},
  issue   = {4},
  year    = {2016},
  Note    = "\\ \url{http://www.tandfonline.com/doi/abs/10.1080/01611194.2015.1055385}",
}


% An easy to read book, which also considers practical
% problems such as standardization or real existing software.
@book{Schm2003,
  author    = {Klaus Schmeh},
  publisher = {John Wiley},
  title     = {{Cryptography and Public Key Infrastructure on the Internet}},
  year      = {2003},
  note      = {In German, the 6th edition was published in 2016.},
}


% Easy to read, up-to-date and comprehensive book about cryptography. 
% It also deals with practical problems like standardization or the
% application in real existing software. This is in German.
@book{Schm2016,
  author    = {Klaus Schmeh},
  edition   = {6},
  publisher = {dpunkt.verlag},
  title     = {{Kryptographie -- Verfahren, Protokolle, Infrastrukturen}},
  year      = {2016},
  note      = {Sehr gut lesbares, aktuelles und umfangreiches Buch über Kryptographie. 
               Geht auch auf praktische Probleme (wie Standardisierung oder 
               real existierende Software) ein.},
}


% url= {https://www.mysterytwisterc3.org/de/challenges/level-x-kryptographie-challenges/doppelwuerfel},
% comment = {Das Buch enthält auch eine kleine Sammlung gelöster und ungelöster Krypto-Rätsel. Eine der Challenges nutzt den "`Doppelwürfel"' (double-column transposition) mit zwei langen Schlüsseln, die unterschiedlich sind.},
%  This is most current among the books dealing in a comprehensive manner
%  with the history of cryptology. It also contains a small collection of
%  solved and unsolved crypto riddles. One of the challenges deals with
%  a double-column transposition using two different, long keys.\\
@book{Schm2007,
  author    = {Klaus Schmeh},
  edition   = {2},
  publisher = {W3L Verlag Bochum},
  title     = {{Codeknacker gegen Codemacher. Die faszinierende Geschichte der Verschlüsselung}},
  year      = {2007},
  Note      = "\\Dieses Buch ist bis dato das aktuellste unter denen, die sich mit der Geschichte der Kryptographie beschäftigen.
	       \\ Das Buch enthält auch eine kleine Sammlung gelöster und ungelöster Krypto-Rätsel. Eine der Challenges nutzt den ``Doppelwürfel'' (double-column transposition) mit zwei langen Schlüsseln, die unterschiedlich sind.
	       \\ Siehe die Challenge auf MTC3: \url{https://www.mysterytwisterc3.org/de/challenges/level-x-kryptographie-challenges/doppelwuerfel}",
}


% url = {http://www.win.tue.nl/~henkvt/images/ReportSegersGB2-11-04.pdf},
@mastersthesis{Sege2004,
  author  = {A. J. M. Segers},
  school  = {Technische Universiteit Eindhoven},
  title   = {{Algebraic Attacks from a Gröbner Basis Perspective}},
  year    = {2004},
  Note    = "\\ \url{http://www.win.tue.nl/~henkvt/images/ReportSegersGB2-11-04.pdf}",
}


% url = {http://cs.sjsu.edu/faculty/stamp/crypto/},
@book{Stamp2007,
  author    = {Mark Stamp and Richard M. Low},
  publisher = {Wiley-IEEE Press},
  title     = {{Applied Cryptanalysis: Breaking Ciphers in the Real World}},
  year      = {2007},
  Note      = "\\ \url{http://cs.sjsu.edu/faculty/stamp/crypto/}",
}

@book{Stamp2011,
author = {Mark Stamp},
edition = {2},
publisher = {Wiley},
title = {{Information Security: Principles and Practice}},
year = {2011},
}

@book{Stin2006,
author = {Douglas R. Stinson},
edition = {3},
publisher = {Chapman \& Hall/CRC},
title = {{Cryptography -- Theory and Practice}},
year = {2006},
}


@article{Biryukov2009,
author = {Alex Biryukov and Dmitry Khovratovich},
title = {{Related-key Cryptanalysis of the Full AES-192 and AES-256}},
year = {2009},
url = {http://eprint.iacr.org/2009/317},
}


% received 10 Apr 2002, last revised 9 Nov 2002.\\
%  Eine davon verschiedene~\glqq compact version\grqq~des ersten
%    XSL-Angriffs wurde auf der Asiacrypt im Dezember 2002 veröffentlicht.\\
%  A different version, so called compact version of the first XSL attack,
%    was published at Asiacrypt Dec 2002. \\
% url = {http://eprint.iacr.org/2002/044},
@article{Courtois2002,
  author  = {Nicolas Courtois and Josef Pieprzyk},
  title   = {{Cryptanalysis of Block Ciphers with Overdefined Systems of Equations}},
  year    = {2002},
  Note    = "\\A different, so called compact version of the first XSL attack,
             was published at Asiacrypt Dec 2002.
             \url{http://eprint.iacr.org/2002/044}",
}


% url = {http://citeseerx.ist.psu.edu/viewdoc/summary?doi=10.1.1.28.4921},
% Draft 1. Mai 2001.    ////   Draft 2001/05/1.
@techreport{Ferguson2001,
  author = {Niels Ferguson and Richard Schroeppel and Doug Whiting},
  title = {{A simple algebraic representation of Rijndael}},
  year = {2001},
  Note    = "\\ \url{http://citeseerx.ist.psu.edu/viewdoc/summary?doi=10.1.1.28.4921}",
}

@techreport{Haan2008,
author = {Kristian Laurent Haan},
title = {{Advanced Encryption Standard (AES)}},
year = {2008},
url = {http://www.codeplanet.eu/tutorials/cpp/51-advanced-encryption-standard.html},
}

% BE_Remark: url ok, no note with \url needed. Starts right after a newline.
@techreport{Hoffman2006,
author = {Nick Hoffman},
title = {{A SIMPLIFIED IDEA ALGORITHM}},
year = {2006},
url = {http://www.nku.edu/~christensen/simplified%20IDEA%20algorithm.pdf},
}

@article{Lucks2002,
author = {Stefan Lucks and Rüdiger Weis},
journal = {DuD},
month = {12},
title = {{Neue Ergebnisse zur Sicherheit des Verschlüsselungsstandards AES}},
year = {2002},
}

% url = {http://paper.ijcsns.org/07_book/200707/20070735.pdf},
@article{Mansoori2007,
  author  = {S. Davod Mansoori and H. Khaleghei Bizaki},
  journal = {IJCSNS International Journal of Computer Science and Network Security},
  number  = {7},
  pages   = {257-263},
  title   = {{On the vulnerability of Simplified AES Algorithm Against Linear Cryptanalysis}},
  volume  = {7},
  year    = {2007},
  Note    = "\\ \url{http://paper.ijcsns.org/07_book/200707/20070735.pdf}",
}

@article{Massacci2000,
author = {Fabio Massacci and Laura Marraro},
journal = {Journal of Automated Reasoning Security},
pages = {165-203},
title = {{Logical cryptanalysis as a SAT problem: Encoding and analysis}},
volume = {24},
year = {2000},
}

@book{Mironov2006,
author = {Ilya Mironov and Lintao Zhang},
publisher = {Springer},
title = {{Applications of SAT Solvers to Cryptanalysis of Hash Functions}},
year = {2006},
}


@article{Schaefer1996,
author = {Edward F. Schaefer},
journal = {Cryptologia},
number = {1},
pages = {77-84},
title = {{A Simplified Data Encryption Standard Algorithm}},
volume = {20},
year = {1996},
}


% url = {http://www.rose-hulman.edu/~holden/Preprints/s-aes.pdf},
% comment = {\url{http://math.scu.edu/ eschaefe/} Ed Schaefer's Homepage},
% Veraltet: \url{http://findarticles.com/p/articles/mi_qa3926/is_200304/ai_n9181658}\\

@article{Musa2003,
  author  = {Mohammad A. Musa and Edward F. Schaefer and Stephen Wedig},
  journal = {Cryptologia},
  month   = {4},
  number  = {2},
  pages   = {148-177},
  title   = {{A simplified AES algorithm and its linear and differential cryptanalyses}},
  volume  = {17},
  year    = {2003},
  Note    = "\\ \url{http://www.rose-hulman.edu/~holden/Preprints/s-aes.pdf},
             \\ \url{http://math.scu.edu/ eschaefe/} ~~Ed Schaefer's homepage",
}


% BE_Remark: url ok, no note with \url needed. Fills just 1 1/2 lines.
@techreport{Nguyen2009a,
  author = {Minh Van Nguyen},
  title = {{Number Theory and the RSA Public Key Cryptosystem -- An introductory tutorial on using SageMath to study elementary number theory and public key cryptography}},
  year = {2009},
  url = {http://faculty.washington.edu/moishe/hanoiex/Number%20Theory%20Applications/numtheory-crypto.pdf},
}

% 4.8.16:
% Solange bitex ohne babelbib:
% 1) Wenn als masterthesis:
%    - Ausgabe war:
%      [Ngu09] Minh Van Nguyen. Exploring Cryptography Using the Sage Computer Algebra System.
%              Master's thesis, Victoria University, 2009.
%    - Links nach "note =" werden ausgegeben, sind aber nicht anklickbar.
%      note = {{http://www.sagemath.org/files/thesis/nguyen-thesis-2009.pdf}, {http://www.sagemath.org/library-publications.html}},
%    - Links nach "url =" werden gar nicht ausgegeben.
%      url = {{http://www.sagemath.org/files/thesis/nguyen-thesis-2009.pdf}, {http://www.sagemath.org/library-publications.html}},
%    - Links nach "howpublished " werden gar nicht ausgegeben.
% 2) Wenn als misc, bekommt man das alles hin ==> Lösung:
%    - da er "school = {Victoria University}," nicht ausgibt, schreibt man das in "note =".
%    - Links nach "url =" werden gar nicht ausgegeben.
%    - per "howpublished " werden anklickbare Links ausgegeben, aber es öffnete sich kein Browser??
%    - Außerdem hätte ich gerne, dass die URLs ganz ans Ende kommen, also nach den "note".
% howpublished "\url{http://www.sagemath.org/files/thesis/nguyen-thesis-2009.pdf}, \url{http://www.sagemath.org/library-publications.html}",
% note = {Victoria University, Master's thesis},
% comment = {SageMath publications},
@mastersthesis{Nguyen2009b,
  author  = {Minh Van Nguyen},
  school  = {Victoria University},
  title  = {{Exploring Cryptography Using the Sage Computer Algebra System}},
  year   = {2009},
  Note   = "\\ \url{http://www.sagemath.org/files/thesis/nguyen-thesis-2009.pdf},
            \\ \url{http://www.sagemath.org/library-publications.html}",
}


% url = {www.apprendre-en-ligne.net/crypto/bibliotheque/lanaki/lesson1.htm},
% comment = {12 lessons},
% oder in 12 Lektionen online unter: \\
@techreport{Nichols1996,
  author    = {Randall K. Nichols},
  institution = {Aegean Park Press 1996},
  title     = {{Classical Cryptography Course, Volume 1 and 2}},
  year      = {1996},
  Note      = "12 lessons.
	      \\ \url{www.apprendre-en-ligne.net/crypto/bibliotheque/lanaki/lesson1.htm}",
}

% howpublished "\url{http://books.esecurity.ch/cryptography2e.html}",
@book{Oppliger2011,
author = {Rolf Oppliger},
edition = {2},
publisher = {Artech House},
title = {{Contemporary Cryptography, Second Edition}},
year = {2011},
url = {http://books.esecurity.ch/cryptography2e.html},
}


@article{Phan2002,
author = {Raphael Chung-Wei Phan},
journal = {Cryptologia},
number = {4},
pages = {283-306},
title = {{Mini Advanced Encryption Standard (Mini-AES): A Testbed for Cryptanalysis Students}},
volume = {26},
year = {2002},
}


% url = {http://www.tandfonline.com/doi/abs/10.1080/0161-110391891964},
% Veraltet: \url{http://findarticles.com/p/articles/mi_qa3926/is_200310/ai_n9311721/}
@article{Phan2003,
  author  = {Raphael Chung-Wei Phan},
  journal = {Cryptologia},
  title   = {{Impossible differential cryptanalysis of Mini-AES}},
  year    = {2003},
  Note    = "\\ \url{http://www.tandfonline.com/doi/abs/10.1080/0161-110391891964}",
}

% BE_Remark: url ok, no note with \url needed. Fills just a bit more than 1 line.
% Veraltet: \url{http://www.isg.rhul.ac.uk/~mrobshaw/rijndael/rijndael.html}
@techreport{Robshaw2002a,
author = {S. P. Murphy and M. J. B. Robshaw},
institution = {Crypto 2002},
title = {{Essential Algebraic Structure within the AES}},
year = {2002},
url = {http://crypto.rd.francetelecom.com/people/Robshaw/rijndael/rijndael.html},
}

% BE_Remark: url ok, no note with \url needed. Fills just a bit more than 1 line.
@techreport{Robshaw2002b,
author = {S. P. Murphy and M. J. B. Robshaw},
month = {9},
title = {{Comments on the Security of the AES and the XSL Technique}},
year = {2002},
url = {http://crypto.rd.francetelecom.com/people/Robshaw/rijndael/rijndael.html},
}


% url = {http://www.heise.de/security/artikel/Kryptographie-in-der-IT-Empfehlungen-zu-Verschluesselung-und-Verfahren-3221002.html},
% Published at 2016-06-17.
% This article was published first in c't 01/2016, p~174, and then at June 16th, 2016 in\\
% Dieser Artikel erschien ursprünglich in c't 01/2016, Seite 174.\\
% Veröffentlicht am 17.06.2016 in
@article{Schmidt2016,
  author  = {Jürgen Schmidt},
  journal = {c't},
  number  = {1},
  title   = {{Kryptographie in der IT -- Empfehlungen zu Verschlüsselung und Verfahren}},
  year    = {2016},
  Note    = "Veröffentlicht am 17.06.2016 in:
	    \\ \url{http://www.heise.de/security/artikel/Kryptographie-in-der-IT-Empfehlungen-zu-Verschluesselung-und-Verfahren-3221002.html}",
}

@book{Schneier1996,
author = {Bruce Schneier},
edition = {2},
publisher = {Wiley},
title = {{Applied Cryptography, Protocols, Algorithms, and Source Code in C}},
year = {1996},
}

% BE_Remark: url ok, no note with \url needed. Fits into the rest of the line.
@article{Schneier2000,
author = {Bruce Schneier},
journal = {Cryptologia},
pages = {18-34},
title = {{A Self-Study Course in Block-Cipher Cryptanalysis}},
volume = {24},
year = {2000},
url = {www.schneier.com/paper-self-study.pdf},
}

% url = {https://www.schneier.com/academic/solitaire/},
@techreport{Schneier1999,
  author  = {Bruce Schneier},
  title   = {{The Solitaire Encryption Algorithm}},
  year    = {1999},
  Note    = "v.~1.2. \\ \url{https://www.schneier.com/academic/solitaire/}",
}

% url = {http://williamstallings.com/Cryptography/},
@book{Stallings2014,
  author    = {William Stallings},
  publisher = {Pearson},
  title     = {{Cryptography and Network Security}},
  year      = {2014},
  Note      = "\\ \url{http://williamstallings.com/Cryptography/}",
}

@book{Swenson2008,
author = {Christopher Swenson},
publisher = {Wiley},
title = {{Modern Cryptanalysis: Techniques for Advanced Code Breaking}},
year = {2008},
}


% url = {{http://nvlpubs.nist.gov/nistpubs/FIPS/NIST.FIPS.180-4.pdf},{http://csrc.nist.gov/publications/PubsFIPS.html}},
@techreport{FIPS180,
  author  = {{NIST (U.S. Department of Commerce)}},
  month   = {8},
  title   = {{Secure Hash Standard (SHS)}},
  year    = {2015},
  Note    = "FIPS 180-4 supersedes FIPS 180-2.
	     \\ \url{http://nvlpubs.nist.gov/nistpubs/FIPS/NIST.FIPS.180-4.pdf},
             \\ \url{http://csrc.nist.gov/publications/PubsFIPS.html}",
}

% url = {{http://nvlpubs.nist.gov/nistpubs/FIPS/NIST.FIPS.186-4.pdf},{http://csrc.nist.gov/publications/PubsFIPS.html}},
@techreport{FIPS186,
  author  = {{NIST (U.S. Department of Commerce)}},
  title   = {{Digital Signature Standard (DSS)}},
  year    = {2013},
  Note    = "Change note 4.
	     \\ \url{http://nvlpubs.nist.gov/nistpubs/FIPS/NIST.FIPS.186-4.pdf},
             \\ \url{http://csrc.nist.gov/publications/PubsFIPS.html}",
}

@techreport{FIPS196,
author = {{NIST (U.S. Department of Commerce)}},
note = {No more valid (withdrawal date: October 2015).},
title = {{Entity authentication using public key cryptography}},
year = {1997},
}


@article{McDonald2009,
  author = {Cameron McDonald and Philip Hawkes and Josef Pieprzyk},
  title  = {{Differential Path for SHA-1 with complexity $O(2^{52})$}},
  year   = {2012},
  url    = {http://eprint.iacr.org/2009/259},
}

@techreport{PKCS1_2002,
author = {RSA Laboratories},
month = {4},
title = {{PKCS \#1 v2.1 Draft 3: RSA Cryptography Standard}},
year = {2002},
}

@article{Wang2005,
author = {Xiaoyun Wang and Yiqun Yin and Hongbo Yu},
journal = {Advances in Cryptology-Crypto, LNCS 3621},
pages = {17-36},
title = {{Finding Collisions in the Full SHA-1}},
year = {2005},
}

% url = {http://www.iacr.org/conferences/crypto2005/rumpSchedule.html},
@techreport{Wang2005b,
  author    = {Xiaoyun Wang and Andrew Yao and Frances Yao},
  institution = {Crypto 2005, Rump Session},
  title     = {{New Collision Search for SHA-1}},
  year      = {2005},
  Note      = "\\ \url{http://www.iacr.org/conferences/crypto2005/rumpSchedule.html}",
}

@article{Wobst2005,
author = {Reinhard Wobst},
journal = {Information Security Bulletin},
month = {4},
title = {{New Attacks Against Hash Functions}},
year = {2005},
}


% comment = {und der Leserbrief dazu von Johannes Merkle in der iX 2/2003},
% plus the reader's remark by Johannes Merkle in iX Feb 2003.
@article{Wobst2002,
  author  = {Reinhard Wobst},
  journal = {iX},
  month   = {12},
  title   = {{Angekratzt -- Kryptoanalyse von AES schreitet voran}},
  year    = {2002},
  Note    = "(Und der Leserbrief dazu von Johannes Merkle in der iX 2/2003)",

}

@techreport{X.509,
author = {International Telecommunication Union ITU-T},
month = {6},
title = {{ITU-T Recommendation X.509 (1997 E): Information Technology -- Open Systems Interconnection -- The Directory: Authentication Framework}},
year = {1997},
}

@techreport{X.509v3,
author = {International Telecommunication Union ITU-T},
month = {7},
note = {(equivalent to amendment 1 to ISO/IEC 9594-8)},
title = {{X.509 (1993) Amendment 1: Certificate Extensions, The Directory Authentication Framework}},
year = {1995},
}

@book{Cassels1991,
author = {J. W. S. Cassels},
publisher = {Cambridge University Press},
title = {{Lectures on Elliptic Curves}},
year = {1991},
}

@article{Koblitz1984,
author = {N. Koblitz},
journal = {Graduate Texts in Mathemathics, Springer},
title = {{Introduction to Elliptic Curves and Modular Forms}},
year = {1984},
}

@book{Koblitz1998,
author = {N. Koblitz},
publisher = {Springer},
title = {{Algebraic Aspects of Cryptography. With an appendix on Hyperelleptic Curves
          by Alfred J. Menezes, Yi Hong Wu, and Robert J. Zuccherato}},
year = {1998},
}

@book{Menezes1993,
author = {A. J. Menezes},
publisher = {Kluwer Academic Publishers},
title = {{Elliptic Curve Public Key Cryptosystems}},
year = {1993},
}

@inproceedings{Paillier1999,
author = {Pascal Paillier},
booktitle = {Advances in Cryptology -- EUROCRYPT'99},
title = {{Public-Key Cryptosystems Based on Composite Degree Residuosity Classes}},
year = {1999},
}

% url = {http://en.wikipedia.org/wiki/Secure_multi-party_computation},
  @article{Wiki_SMC,
  journal = {Wikipedia},
  title   = {{Secure Multiparty Computation}},
  Note    = "\\ \url{http://en.wikipedia.org/wiki/Secure_multi-party_computation}",
}

% url = {{https://en.wikipedia.org/wiki/Homomorphic_encryption}, {https://de.wikipedia.org/wiki/Homomorphismus}},
@article{Wiki_HomEnc,
  journal = {Wikipedia},
  title   = {{Homomorphic Encryption \& Homomorphismus}},
  Note    = "\\ \url{https://en.wikipedia.org/wiki/Homomorphic_encryption},
             \\ \url{https://de.wikipedia.org/wiki/Homomorphismus}",
}

@inproceedings{Gentry2009,
author = {Craig Gentry},
booktitle = {{41st ACM Symposium on Theory of Computing (STOC)}},
title = {{Fully Homomorphic Encryption Using Ideal Lattices}},
year = {2009},
}

@inproceedings{Adleman1982,
author = {Adleman, L.},
booktitle = {Advances in Cryptologie, Proceedings of Crypto 82},
pages = {303-308},
publisher = {Plenum Press},
title = {{On breaking the iterated Merkle-Hellman public-key Cryptosystem}},
year = {1983},
}

@book{Balcazar1988,
author = {Balcazar, J. L. and Daaz, J. and Gabarr, J.},
publisher = {Springer},
title = {{Structural Complexity I}},
}

@inproceedings{Brickell1985,
author = {Brickell, E. F.},
booktitle = {Advances in Cryptology: Proc. CRYPTO'84, Lecture Notes in Computer Science, vol. 196},
pages = {342-358},
publisher = {Springer},
title = {{Breaking Iterated Knapsacks}},
year = {1985},
}

@techreport{Hesselink2001,
author = {Hesselink, Wim H.},
month = {2},
title = {{The borderline between P and NP}},
year = {2001},
url = {http://www.cs.rug.nl/~wim/pub/whh237.pdf},
}

@inproceedings{Lagarias1983,
author = {Lagarias, J. C.},
booktitle = {Advances in Cryptology, Proceedings of Crypto 83},
publisher = {Plenum Press},
title = {{Knapsack public key Cryptosystems and diophantine Approximation}},
year = {1983},
}

@article{Merkle1978,
author = {Merkle, R. and Hellman, M.},
journal = {IEEE Trans. Information Theory, IT-24},
title = {Hiding information and signatures in trapdoor knapsacks},
volume = {24},
year = {1978},
}

@inproceedings{Shamir1982,
author = {Shamir, A.},
booktitle = {Symposium on Foundations of Computer Science},
pages = {145-152},
title = {{A polynomial time algorithm for breaking the basic Merkle-Hellman Cryptosystem}},
year = {1982},
}


@book{Buchmann2016,
author = {Johannes Buchmann},
edition = {6},
note = {Paperback},
publisher = {Springer},
title = {{Einführung in die Kryptographie}},
year = {2016},
}

@book{Kippenhahn1997,
  author    = {Rudolf Kippenhahn},
  edition   = {1},
  note      = {New edition 2012, Paperback,
               {\em Verschlüsselte Botschaften: Geheimschrift, Enigma und digitale Codes}},
  publisher = {rowohlt},
  title     = {{Verschlüsselte Botschaften: Geheimschrift, Enigma und Chipkarte}},
  year      = {1997},
}

@book{Kippenhahn1999,
author = {Rudolph Kippenhahn},
publisher = {Constable},
title = {{Code Breaking -- A History and Exploration}},
year = {1999},
}

@book{Scheid2006,
author = {Harald Scheid},
edition = {4},
publisher = {Spektrum Akademischer Verlag},
title = {{Zahlentheorie}},
year = {2006},
}


% url = {{http://www.cse.iitk.ac.in/~manindra/algebra/primality_v6.pdf},{http://fatphil.org/maths/AKS/}},
@techreport{Agrawal2002,
  author = {M. Agrawal and N. Kayal and N. Saxena},
  month  = {8},
  title  = {{PRIMES in P}},
  year   = {2002},
  Note   = "Corrected version.
	    \\ \url{http://www.cse.iitk.ac.in/~manindra/algebra/primality_v6.pdf},
            \\ \url{http://fatphil.org/maths/AKS/}",
}

@book{Bartholome1996,
author = {A. Bartholom\'e and J. Rung and H. Kern},
edition = {2},
publisher = {Vieweg},
title = {{Zahlentheorie für Einsteiger}},
year = {1996},
}

@book{Bauer1995,
author = {Friedrich L. Bauer},
publisher = {Springer},
title = {{Entzifferte Geheimnisse}},
year = {1995},
}

@book{Bauer2000,
author = {Friedrich L. Bauer},
edition = {2},
publisher = {Springer},
title = {{Decrypted Secrets}},
year = {2000},
}

% url = {{http://cr.yp.to/papers/nfscircuit.ps}, {http://cr.yp.to/djb.html}},
@techreport{Bernstein2001,
  author    = {Daniel J. Bernstein},
  title     = {{Circuits for integer factorization: a proposal}},
  year      = {2001},
  Note      = "\\ \url{http://cr.yp.to/papers/nfscircuit.ps},
               \\ \url{http://cr.yp.to/djb.html}",

}

@article{Bernstein2005,
author = {Daniel J. Bernstein},
journal = {Journal of Algorithms},
title = {Factoring into coprimes in essentially linear time},
volume = {54},
year = {2005},
url = {http://cr.yp.to/lineartime/dcba-20040404.pdf},
}

@book{Beutelspacher1996,
author = {Albrecht Beutelspacher},
edition = {5},
publisher = {Vieweg},
title = {Kryptologie},
year = {1996},
}

% url = {http://www.secorvo.de/publikationen/rsa-grenzen-fox-2002.pdf},
@article{Bourseau2002,
  author  = {F. Bourseau and D. Fox and C. Thiel},
  journal = {Datenschutz und Datensicherheit (DuD)},
  pages   = {84-89},
  title   = {{Vorzüge und Grenzen des RSA-Verfahrens}},
  volume  = {26},
  year    = {2002},
  Note    = "\\ \url{http://www.secorvo.de/publikationen/rsa-grenzen-fox-2002.pdf}",
}

@book{Brands2002,
author = {Gilbert Brands},
publisher = {Vieweg},
title = {{Verschlüsselungsalgorithmen -- Angewandte Zahlentheorie rund um Sicherheitsprotokolle}},
year = {2002},
}

@incollection{Buhler1993,
author = {J. P. Buhler and H. W. Lenstra and C. Pomerance},
booktitle = {The Development of the Number Field Sieve, Lecture Notes in Mathematics, Vol. 1554},
editor = {K. Lenstra and H.W. Lenstra},
pages = {50-94},
publisher = {Springer},
title = {Factoring integers with the number field sieve},
year = {1993},
}

@book{Eckert2014,
author = {Claudia Eckert},
edition = {9},
note = {Paperback},
publisher = {De Gruyter Oldenbourg},
title = {{IT-Sicherheit: Konzepte-Verfahren-Protokolle}},
year = {2014},
}

@book{Ertel2001,
author = {Wolfgang Ertel},
publisher = {Fachbuchverlag Leipzig FV},
title = {{Angewandte Kryptographie}},
year = {2001},
}

% url = {https://www.cryptool.org/images/ctp/documents/kes_2012_RSA_Sicherheit.pdf},
% howpublished "\url{https://www.cryptool.org/images/ctp/documents/kes_2012_RSA_Sicherheit.pdf}",
@article{Esslinger2012,
  author = {Esslinger, B. and Schneider, J. and Simon, V.},
  journal = {KES Zeitschrift für Informationssicherheit},
  month = {4},
  number = {2},
  pages = {22-27},
  title = {{RSA -- Sicherheit in der Praxis}},
  volume = {2012},
  year = {2012},
  Note    = "\\ \url{https://www.cryptool.org/images/ctp/documents/kes_2012_RSA_Sicherheit.pdf}",
}

% url = {https://www.cryptool.org/images/ctp/documents/krypto_nsa.pdf},
% howpublished "\url{https://www.cryptool.org/images/ctp/documents/krypto_nsa.pdf}",
@article{Esslinger2014,
  author = {Esslinger, B. and Schneider, J. and Simon, V.},
  journal = {KES Zeitschrift für Informationssicherheit},
  month = {3},
  number = {1},
  pages = {70-77},
  title = {{Krypto + NSA = ? -- Kryptografische Folgerungen aus der NSA-Affäre}},
  volume = {2014},
  year = {2014},
  Note    = "\\ \url{https://www.cryptool.org/images/ctp/documents/krypto_nsa.pdf}",
}

@book{Graham1994,
author = {R. E. Graham and D. E. Knuth and O. Patashnik},
edition = {6},
publisher = {Addison Wesley},
title = {{Concrete Mathemathics, a Foundation of Computer Science}},
year = {1994},
}


@book{Katzenbeisser2001,
author = {Stefan Katzenbeisser},
publisher = {Springer},
title = {{Recent Advances in RSA Cryptography}},
year = {2001},
}


@book{Knuth1998,
author = {Donald E. Knuth},
edition = {3},
publisher = {Addison-Wesley},
title = {{The Art of Computer Programming, vol 2: Seminumerical Algorithms}},
year = {1998},
comment = {1st edition 1969.},
}


% url = {http://lasecwww.epfl.ch/pub/lasec/doc/Oech03.pdf},
@techreport{Oechslin2003,
  author    = {Philippe Oechslin},
  institution = {Crypto 2003},
  title     = {{Making a Faster Cryptanalytic Time-Memory Trade-Off}},
  year      = {2003},
  Note      = "\\ \url{http://lasecwww.epfl.ch/pub/lasec/doc/Oech03.pdf}",
}

@book{Pfleeger1997,
author = {Charles P. Pfleeger},
edition = {2},
publisher = {Prentice-Hall},
title = {{Security in Computing}},
year = {1997},
}

@techreport{RSA-Security2002,
institution = {RSA Security},
month = {4},
title = {{Has the RSA algorithm been compromised as a result of Bernstein's Paper?}},
year = {2002},
url = {http://www.emc.com/emc-plus/rsa-labs/historical/has-the-rsa-algorithm-been-compromised.htm},
}

@mastersthesis{SchneiM2004,
author = {Matthias Schneider},
school = {Universität Siegen},
title = {{Analyse der Sicherheit des RSA-Algorithmus. Mögliche Angriffe, deren Einfluss auf sichere Implementierungen und ökonomische Konsequenzen}},
year = {2004},
comment = {Diplomarbeit},
}

@book{Schwenk2002,
author = {Jörg Schwenk},
publisher = {Vieweg},
title = {{Sicherheit und Kryptographie im Internet}},
year = {2002},
}

@book{Sedgewick1990,
author = {Robert Sedgewick},
publisher = {Addison-Wesley},
title = {{Algorithms in C}},
year = {1990},
}

% BE_Remark: url ok, no note with \url needed. Fits into the rest of the line.
@techreport{Shamir2003,
author = {Adi Shamir and Eran Tromer},
title = {{Factoring Large Numbers with the TWIRL Device}},
year = {2003},
url = {http://www.tau.ac.il/~tromer/papers/twirl.pdf},
}

% url = {http://www.tau.ac.il/~tromer/papers/cbtwirl.pdf},
   % dead link: \url{http://www.rsasecurity.com/rsalabs/cryptobytes/CryptoBytes_August_2003.pdf}
   % info: http://ece.gmu.edu/coursewebpages/ECE/ECE646/F13/viewgraphs_F13/ECE646_lecture9_RSA_6.pdf
   % Here is a list of all the CryptoBytes, but the link sbelow are dead:
   %   http://www.emc.com/emc-plus/rsa-labs/historical/cryptobytes-technical-newsletter.htm
   % Die Ausgaben bis 2000 finden sich unter:
   %      ftp://ftp.arnes.si/packages/crypto-tools/rsa.com/cryptobytes/
   % Vol 2, No 1, Spring 1996: https://www.cs.bgu.ac.il/~beimel/Courses/crypto/BCK.pdf
   % Vol 6, No 1, Spring 2003: http://saweis.net/pdfs/cbytes-rfid.pdf
   % Vol 7, No 2, Fall 2004: https://people.csail.mit.edu/rivest/voting/papers/CryptoBytes_Fall2004.pdf
   % https://github.com/sweis/crypto-might-not-suck
   % ftp://ftp.di.ens.fr/pub/users/pointche/Papers/2002_cryptobytes.pdf
@article{Shamir2003a,
  author  = {Adi Shamir and Eran Tromer},
  journal = {RSA Laboratories CryptoBytes},
  number  = {2},
  pages   = {11-20},
  title   = {{On the Cost of Factoring RSA-1024}},
  volume  = {6},
  year    = {2003},
  Note    = "\\ \url{http://www.tau.ac.il/~tromer/papers/cbtwirl.pdf}",
}

@article{Silverman2000,
author = {Robert D. Silverman},
journal = {RSA Laboratories Bulletin},
month = {4},
pages = {1-22},
title = {{A Cost-Based Security Analysis of Symmetric and Asymmetric Key Lengths}},
volume = {13},
year = {2000},
}

@article{Weis2003,
author = {Rüdiger Weis and Stefan Lucks and Andreas Bogk},
journal = {Datenschutz und Datensicherheit (DuD)},
number = {6},
pages = {360-362},
title = {{Sicherheit von 1024 bit RSA-Schlüsseln gefährdet}},
year = {2003},
comment = {Der Artikel erläutert Details zum TWIRL-Device.},
}

@book{Welschenbach2001,
author = {Welschenbach, Michael},
publisher = {Springer},
title = {{Kryptographie in C und C++}},
year = {2001},
}

@article{Wiles1994,
author = {Wiles, Andrew},
journal = {Annals of Mathematics},
title = {Modular elliptic curves and Fermat's Last Theorem},
volume = {141},
year = {1995},
}

@book{Wolfenstetter1998,
author = {Albrecht Beutelspacher and Jörg Schwenk and Klaus-Dieter Wolfenstetter},
edition = {2},
publisher = {Vieweg},
title = {{Moderne Verfahren in der Kryptographie}},
year = {1998},
}

@book{Yan2000,
author = {Song Y. Yan},
publisher = {Springer},
title = {{Number Theory for Computing}},
year = {2000},
}

% url = {{http://www.cryptogram.org/cdb/aca.info/aca.and.you/chap08.html#},{http://www.und.edu/org/crypto/crypto/.chap08.html}},
@techreport{ACA2002,
  institution = {American Cryptogram Association},
  title     = {{Length and Standards for all ACA Ciphers}},
  year      = {2002},
  Note      = "\\ \url{http://www.cryptogram.org/cdb/aca.info/aca.and.you/chap08.html#},
               \\ \url{http://www.und.edu/org/crypto/crypto/.chap08.html}",
}


% title = {{Mirdek: A card cipher inspired by "`Solitaire"'}},
%%    So war es nur im Deutschen ok. Im Englischen wurden je 3 Striche ausgegeben.
@techreport{Crowley2000,
author = {Paul Crowley},
title = {{Mirdek: A card cipher inspired by ``Solitaire''}},
year = {2000},
url = {http://www.ciphergoth.org/crypto/mirdek/},
}

@techreport{Drobick2015,
author = {Jörg Drobick},
title = {{Abriss DDR-Chiffriergeschichte: SAS- und Chiffrierdienst}},
year = {2015},
url = {http://scz.bplaced.net/m.html#dwa},
}

% url = {http://www.vectorsite.net/ttcode.html},
% Remark: Hier vor der url in note die Newline bewusst weggelassen.
@techreport{Goebel2014,
  author    = {Greg Goebel},
  title     = {{Codes, Ciphers and Codebreaking}},
  year      = {2014},
  Note      = "Version 2.3.2.
	       \url{http://www.vectorsite.net/ttcode.html}",
}

% url = {http://www.vectorsite.net/ttcode.html},
@techreport{Goebel2015,
  author    = {Greg Goebel},
  title     = {{A Codes \& Ciphers Primer}},
  year      = {2015},
  Note      = "Version 1.0.5.
	       \\ \url{http://www.vectorsite.net/ttcode.html}",
}

@article{Hill1929,
author = {Lester S. Hill},
journal = {The American Mathematical Monthly},
number = {6},
pages = {306-312},
title = {{Cryptography in an Algebraic Alphabet}},
volume = {36},
year = {1929},
}

@article{Hill1931,
author = {Lester S. Hill},
journal = {The American Mathematical Monthly},
number = {3},
pages = {135-154},
title = {{Concerning Certain Linear Transformation Apparatus of Cryptography}},
volume = {38},
year = {1931},
}

% url = {http://www.quadibloc.com/crypto/jscrypt.htm},
@techreport{Savard1999,
  author  = {John J. G. Savard},
  title   = {{A Cryptographic Compendium}},
  year    = {1999},
  Note    = "\\ \url{http://www.quadibloc.com/crypto/jscrypt.htm}",
}

@book{Singh1999,
author = {Simon Singh},
publisher = {Anchor},
title = {{The Code Book: The Science of Secrecy from Ancient Egypt to Quantum Cryptography}},
year = {1999},
}

@book{Singh2001,
author = {Simon Singh},
publisher = {dtv},
title = {{Geheime Botschaften. Die Kunst der Verschl\"usselung von der Antike bis in die Zeiten des Internet}},
year = {2001},
}


@techreport{ThinkQuest1999,
author = {{ThinkQuest Team 27158}},
title = {{Data Encryption}},
year = {1999},
comment = {Die ursprüngliche URL {http://library.thinkquest.org/27158/} ist leider tot.},
}


% D: note = {Dieses schöne Paper wurde mir erst nach Vollendung der ersten Fassung
%    des Primzahlen-Kapitels bekannt: Es bietet ebenfalls einen einfachen,
%    didaktisch gut aufbereiteten und trotzdem nicht oberflächlichen Einstieg
%    in dieses Thema (ist nur in Englisch verfügbar).},
% E: note = {After I had completed the first edition of this article, I did come
%    across the fine paper by Scott Aaronson, which also offers
%    a didactically very well-done introduction to this topic. It is 
%    humorous and easy to read but at the same time precise and erudite.},
% Note    = "\\ \url{http://www.scottaaronson.com/writings/prime.pdf}",
@techreport{Aaronson2003,
  author  = {Scott Aaronson},
  title   = {{The Prime Facts: From Euclid to AKS}},
  year    = {2003},
  Note    = "\\ \url{http://www.scottaaronson.com/writings/prime.pdf}",
  Note_EN    = "Test: ENG-Note",
  Note_DE    = "Test: DEU-Note",
}

@book{Blum1999,
author = {W. Blum},
publisher = {dtv},
title = {{Die Grammatik der Logik}},
year = {1999},
}

@book{Bundschuh1998,
author = {Peter Bundschuh},
edition = {4},
publisher = {Springer},
title = {{Einführung in die Zahlentheorie}},
year = {1998},
}

@book{Crandell2001,
author = {Richard Crandell and Carl Pomerance},
publisher = {Springer},
title = {{Prime Numbers. A Computational Perspective}},
year = {2001},
}

@book{Dioxiadis2001,
author = {Apostolos Doxiadis},
publisher = {Lübbe},
title = {{Onkel Petros und die Goldbachsche Vermutung}},
year = {2001},
comment = {Paperback (originally Bloomsbury 2000)},
}

@book{duSautoy2005,
author = {Marcus du Sautoy},
edition = {4},
publisher = {Beck},
title = {{Die Musik der Primzahlen: Auf den Spuren des größten Rätsels der Mathematik}},
year = {2005},
comment = {Originally Harper-Collins 2003.},
}

@book{Klee1997,
author = {V. Klee and S. Wagon},
publisher = {Birkhäuser Verlag},
title = {{Ungelöste Probleme in der Zahlentheorie und der Geometrie der Ebene}},
year = {1997},
}

@book{Lorenz1993,
author = {F. Lorenz},
publisher = {BI Wissenschaftsverlag},
title = {{Algebraische Zahlentheorie}},
year = {1993},
}

@book{Padberg1996,
author = {Friedhelm Padberg},
edition = {2},
publisher = {Spektrum Akademischer Verlag},
title = {{Elementare Zahlentheorie}},
year = {1996},
comment = {1. Auflage 1988.},
}

@book{Pieper1983,
author = {H. Pieper},
edition = {3},
publisher = {Verlag Harri Deutsch},
title = {{Zahlen aus Primzahlen}},
year = {1983},
comment = {1. Aufglage 1974.},
}


% This book results from a course for especially talented pupils at the
%  ``Deutsche Sch\"ulerakademie''.
%  It completely presents the AKS proof -- without expecting mathematical
%  pre-knowledge.
@book{Rempe2009,
  author    = {L. Rempe and R. Waldecker},
  publisher = {Vieweg+Teubner},
  title     = {{Primzahltests für Einsteiger}},
  year      = {2009},
  Note      = "\\Dieses Buch entstand aus einem Kurs an der \glqq Deutschen Schülerakademie\grqq. Es stellt den AKS-Beweis vollständig dar, ohne mathematisches Vorwissen zu erwarten.",
}

@article{Richstein1999,
author = {J. Richstein},
journal = {Mathematics of Computation},
pages = {1745-1749},
title = {{Verifying the Goldbach Conjecture up to $4*10^{14}$}},
volume = {70},
year = {2001},
}

% edition = {3 (corrected printing)},
@book{Schroeder1999,
author = {M. R. Schroeder},
edition = {3},
publisher = {Springer},
title = {{Number Theory in Science and Communication}},
year = {1999},
comment = {1st edition 1984.},
}

@book{Schwenk1996,
address = {Verlag Schiele und Schön},
author = {Jörg Schwenk},
editor = {B. Seiler},
series = {taschenbuch der telekom praxis},
title = {{Conditional Access}},
year = {1996},
}

% BE_Remark: url ok, no note with \url needed. Fits into the rest of the line.
@book{Shoup2008,
author = {Victor Shoup},
edition = {2},
publisher = {Cambridge University Press},
title = {{A Computational Introduction to Number Theory and Algebra}},
year = {2008},
url = {http://shoup.net/ntb/},
}

@book{Tietze1973,
author = {H. Tietze},
edition = {6},
publisher = {C.H. Beck},
title = {{Gelöste und ungelöste mathematische Probleme}},
year = {1973},
comment = {1. Auflage 1959.},
}


% url = {http://bscw.schule.de/pub/bscw.cgi/d637160/RSA_u_Co_T1.pdf},
% Beim Zitieren jeweils im Englischen: \index{RSA \& Co. at school}
%                       im Deutschen:  \index{RSA \& Co. in der Schule}
% Unfortunately only available in German.\\
@article{Witten1998,
  author  = {Helmut Witten and Irmgard Letzner and Ralph-Hardo Schulz},
  journal = {LOG IN},
  number  = {3/4},
  pages   = {57-65},
  title   = {{RSA \& Co. in der Schule: Moderne Kryptologie, alte Mathematik, raffinierte Protokolle, Teil 1: Sprache und Statistik}},
  year    = {1998},
  Note    = "\\ \url{http://bscw.schule.de/pub/bscw.cgi/d637160/RSA_u_Co_T1.pdf}",
}

% BE_Remark: url ok, no note with \url needed. Starts right after a newline.
@article{Witten1999,
  author  = {Helmut Witten and Irmgard Letzner and Ralph-Hardo Schulz},
  journal = {LOG IN},
  number  = {2},
  pages   = {50-57},
  title   = {{RSA \& Co. in der Schule: Moderne Kryptologie, alte Mathematik, raffinierte Protokolle. Teil 3: Flusschiffren, perfekte Sicherheit und Zufall per Computer}},
  year    = {1999},
  url     = {http://bscw.schule.de/pub/nj_bscw.cgi/d637156/RSA_u_Co_T3.pdf},
}

% url = {http://bscw.schule.de/pub/bscw.cgi/d404410/RSA_u_Co_NF2.pdf},
@article{Witten2006,
  author  = {Helmut Witten and Ralph-Hardo Schulz},
  journal = {LOG IN},
  number  = {143},
  pages   = {50-58},
  title   = {{RSA \& Co. in der Schule: Moderne Kryptologie, alte Mathematik, raffinierte Protokolle. NF Teil 2: RSA für große Zahlen}},
  year    = {2006},
  Note    = "\\ \url{http://bscw.schule.de/pub/bscw.cgi/d404410/RSA_u_Co_NF2.pdf}",
}

% url = {http://bscw.schule.de/pub/nj_bscw.cgi/d533821/RSA_u_Co_NF3.pdf},
@article{Witten2008,
  author  = {Helmut Witten and Ralph-Hardo Schulz},
  journal = {LOG IN},
  number  = {152},
  pages   = {60-70},
  title   = {{RSA \& Co. in der Schule: Moderne Kryptologie, alte Mathematik, raffinierte Protokolle. NF Teil 3: RSA und die elementare Zahlentheorie}},
  year    = {2008},
  Note    = "\\ \url{http://bscw.schule.de/pub/nj_bscw.cgi/d533821/RSA_u_Co_NF3.pdf}",
}

% url = {http://bscw.schule.de/pub/nj_bscw.cgi/d864891/RSA_u_Co_NF4.pdf},
@article{Witten2010a,
  author = {Helmut Witten and Ralph-Hardo Schulz},
  journal = {LOG IN},
  number = {163},
  pages = {97-103},
  title = {{RSA \& Co. in der Schule: Moderne Kryptologie, alte Mathematik, raffinierte Protokolle. NF Teil 4: Gibt es genügend Primzahlen für RSA?}},
  year = {2010},
  Note      = "\\ \url{http://bscw.schule.de/pub/nj_bscw.cgi/d864891/RSA_u_Co_NF4.pdf}",
}

% url = {http://bscw.schule.de/pub/nj_bscw.cgi/d864895/RSA_u_Co_NF5.pdf},
@article{Witten2010b,
  author  = {Helmut Witten and Ralph-Hardo Schulz},
  journal = {LOG IN},
  number  = {166/167},
  pages   = {92-106},
  title   = {{RSA \& Co. in der Schule: Moderne Kryptologie, alte Mathematik, raffinierte Protokolle. NF Teil 5: Der Miller-Rabin-Primzahltest oder: Falltüren für RSA mit Primzahlen aus Monte Carlo}},
  year    = {2010},
  Note    = "\\ \url{http://bscw.schule.de/pub/nj_bscw.cgi/d864895/RSA_u_Co_NF5.pdf}",
}

% url = {{http://bscw.schule.de/pub/nj_bscw.cgi/d1024013/RSA_u_Co_NF7.pdf}, {http://www.log-in-verlag.de/wp-content/uploads/2015/07/Internetquellen-LOG-IN-Heft-Nr.181-182.doc}},
% comment = {Hierin sind u.a. DH und Elgamal in einem breiten Kontext behandelt. Die Verfahren werden mit Codebeispielen in Python und SageMath erläutert.},
@article{Witten2015,
  author  = {Helmut Witten and Ralph-Hardo Schulz and Bernhard Esslinger},
  journal = {RSA \& Co. in der Schule: Moderne Kryptologie, alte Mathematik, raffinierte Protokolle, NF Teil 7: Alternativen zu RSA oder Diskreter Logarithmus statt Faktorisierung},
  number  = {181-182},
  pages   = {85-102},
  year    = {2015},
  Note    = "\\ \url{http://bscw.schule.de/pub/nj_bscw.cgi/d1024013/RSA_u_Co_NF7.pdf},
               \\ \url{http://www.log-in-verlag.de/wp-content/uploads/2015/07/Internetquellen-LOG-IN-Heft-Nr.181-182.doc}",
}

% url = {http://bscw.schule.de/pub/nj_bscw.cgi/d1024028/Schulz_Witten_Esslinger-Rechnen_mit_Punkten_einer_elliptischen_Kurve.pdf},
% comment = {Geschrieben für Lehrer, didaktisch aufbereitet, leicht verständlich, mit vielen SageMath-Beispielen.},
% Written for teachers, didactically prepared, easy to understand,
% with many SageMath examples. Sadly, this article is only available in German
@article{Schulz2015,
  author  = {Ralph-Hardo Schulz and Helmut Witten and Bernhard Esslinger},
  journal = {LOG IN},
  number  = {181/182},
  pages   = {103-115},
  title   = {{Rechnen mit Punkten einer elliptischen Kurve}},
  year    = {2015},
  Note    = "\\Didaktische Aufbereitung für Lehrer, leicht verständlich, mit vielen SageMath-Beispielen.
	     \\ \url{http://bscw.schule.de/pub/nj_bscw.cgi/d1024028/Schulz_Witten_Esslinger-Rechnen_mit_Punkten_einer_elliptischen_Kurve.pdf}",
}

% url = {http://bscw.schule.de/pub/bscw.cgi/d864899/Schulz_Witten_Zeit-Experimente.pdf},
@article{Schulz2010,
  author  = {Ralph-Hardo Schulz and Helmut Witten},
  journal = {LOG IN},
  pages   = {113-120},
  title   = {{Zeitexperimente zur Faktorisierung. Ein Beitrag zur Didaktik der Kryptographie}},
  volume  = {166/167},
  year    = {2010},
  Note    = "\\ \url{http://bscw.schule.de/pub/bscw.cgi/d864899/Schulz_Witten_Zeit-Experimente.pdf}",
}






